<record><leader>00000cas a22000007a 4500</leader><controlfield tag="001">23042285</controlfield><controlfield tag="008">910201d19241935nyuwr ne      0    0eng d</controlfield><datafield ind1=" " ind2=" " tag="010"><subfield code="a">sn 91066001 </subfield></datafield><datafield ind1=" " ind2=" " tag="040"><subfield code="a">NYS</subfield><subfield code="b">eng</subfield><subfield code="c">NYS</subfield><subfield code="d">OCLCQ</subfield></datafield><datafield ind1=" " ind2=" " tag="042"><subfield code="a">msc</subfield></datafield><datafield ind1="0" ind2=" " tag="130"><subfield code="a">Wallkill Valley world (Wallkill, N.Y. : 1924)</subfield></datafield><datafield ind1="1" ind2="4" tag="245"><subfield code="a">The Wallkill Valley world.</subfield></datafield><datafield ind1="3" ind2="0" tag="246"><subfield code="a">Wallkill Valley world consolidated with the New Paltz news</subfield></datafield><datafield ind1=" " ind2=" " tag="260"><subfield code="a">Wallkill, N.Y. :</subfield><subfield code="b">Will Plank,</subfield><subfield code="c">1924-1935.</subfield></datafield><datafield ind1=" " ind2=" " tag="300"><subfield code="a">v. :</subfield><subfield code="b">ill.</subfield></datafield><datafield ind1=" " ind2=" " tag="310"><subfield code="a">Weekly</subfield></datafield><datafield ind1="0" ind2=" " tag="362"><subfield code="a">Vol. 2, no. 23 (Nov. 14, 1924)-v. 11, no. 53 (Dec 14, 1935).</subfield></datafield><datafield ind1=" " ind2=" " tag="500"><subfield code="a">Published as: Wallkill Valley world consolidated with the New Paltz news, &lt;Dec. 7, 1935&gt;.</subfield></datafield><datafield ind1=" " ind2="4" tag="651"><subfield code="a">Wallkill (N.Y.)</subfield><subfield code="v">Newspapers.</subfield></datafield><datafield ind1=" " ind2=" " tag="752"><subfield code="a">United States</subfield><subfield code="b">New York</subfield><subfield code="c">Ulster</subfield><subfield code="d">Wallkill.</subfield></datafield><datafield ind1="0" ind2="0" tag="780"><subfield code="t">Wallkill world</subfield><subfield code="w">(DLC)sn 91066002</subfield><subfield code="w">(OCoLC)23042079</subfield></datafield><datafield ind1="0" ind2="4" tag="785"><subfield code="t">Wallkill Valley world consolidated with the New Paltz news</subfield><subfield code="w">(DLC)sn 90066375</subfield><subfield code="w">(OCoLC)23006898</subfield></datafield><datafield ind1="1" ind2=" " tag="029"><subfield code="a">AU@</subfield><subfield code="b">000025901730</subfield></datafield></record>